@misc{amadeus2014,
  author = {{Amadeus}},
  title = {{Amadeus media centre}},
  month = Aug,
  year = "2014",
  howpublished = "\url{http://amadeus.com}"
}
@ONLINE{infret,
  author = {{C. J. van RIJSBERGEN B.Sc., Dip. NAAC, Ph.D., M.B.C.S., F.I.E.E., C.Eng., F.R.S.E.}},
  title = {{INFORMATION RETRIEVAL}},
  year = "1979",
  howpublished = "\url{http://www.dcs.gla.ac.uk/Keith/Preface.html}"
}
@ONLINE{stanford_infret,
  author = {{Christopher D. Manning, Prabhakar Raghavan and Hinrich Sch√ºtze}},
  title = {{Introduction to Information Retrieval}},
  year = "2008",
  howpublished = "\url{http://nlp.stanford.edu/IR-book/html/htmledition/okapi-bm25-a-non-binary-model-1.html}"
}
@ONLINE{elastic_bm25,
  author = {{Elasticsearch BV}},
  title = {Elasticsearch: The Definitive Guide},
  year = "2015",
  howpublished = "\url{https://www.elastic.co/guide/en/elasticsearch/guide/current/pluggable-similarites.html}"
}
@ONLINE{lowerbound,
  author = {Yuanhua Lv, ChengXiang Zhai},
  title = {Lower-Bounding Term Frequency Normalization},
  year = "2011",
  howpublished = "\url{http://sifaka.cs.uiuc.edu/~ylv2/pub/cikm11-lowerbound.pdf}"
}
@ONLINE{textmining,
  author = {Charu C. Aggarwal, ChengXiang Zhai},
  title = {Mining Text Data},
  year = "2012",
  chapter = 5,
  howpublished = "\url{http://ir.nmu.org.ua/bitstream/handle/123456789/144935/d1784ebed3eab2708026b202b2b65309.pdf}"
}
@ONLINE{nodejs_logo,
  author = {{NodeJS Foundation}},
  title = {{NodeJS Logo}},
  howpublished = "\url{https://nodejs.org/logos/}"
}
@ONLINE{angularjs_logo,
  author = {{Google Inc.}},
  title = {{AngularJS Logo}},
  howpublished = "\url{https://github.com/angular/angular.js/blob/master/images/logo/AngularJS-Shield.exports/}"
}
@ONLINE{mongodb_logo,
  author = {{MongoDB, Inc.}},
  title = {{MongoDB Logo}},
  howpublished = "\url{https://www.mongodb.com/brand-resources}"
}
@ONLINE{stemming_intro,
    author = {Dr. Martin Porter},
    title = {Snowball: A language for stemming algorithms},
  year = "2001",
    howpublished = "\url{http://snowball.tartarus.org/texts/introduction.html}"
}
@ONLINE{vsm,
  author = {{Christian S. Perone}},
  title = {{Vector Space Model}},
  howpublished = "\url{http://blog.christianperone.com}"
}